<?xml version="1.0" ?>
<collection>
<record xmlns:marc="http://www.loc.gov/MARC21/slim"><leader>01922cam a2200421Ki 4500</leader><controlfield tag="001">in00005660922</controlfield><controlfield tag="003">OCoLC</controlfield><controlfield tag="005">20220616163746.0</controlfield><controlfield tag="008">160621s2015    cc a          000 0 chi  </controlfield><datafield ind1=" " ind2=" " tag="020"><subfield code="z">9771002673033</subfield></datafield><datafield ind1=" " ind2=" " tag="035"><subfield code="a">(OCoLC)951978539</subfield></datafield><datafield ind1=" " ind2=" " tag="040"><subfield code="a">BNG</subfield><subfield code="b">eng</subfield><subfield code="e">rda</subfield><subfield code="c">BNG</subfield><subfield code="d">OCLCF</subfield><subfield code="d">CWU</subfield><subfield code="d">UtOrBLW</subfield></datafield><datafield ind1=" " ind2=" " tag="043"><subfield code="a">a-cc---</subfield></datafield><datafield ind1=" " ind2=" " tag="049"><subfield code="a">EEMR</subfield></datafield><datafield ind1=" " ind2=" " tag="090"><subfield code="a">LC3057.S46</subfield><subfield code="b">L8 2015</subfield></datafield><datafield ind1="0" ind2=" " tag="130"><subfield code="6">880-01</subfield><subfield code="a">Shen zhou xue ren = China scholars abroad.</subfield></datafield><datafield ind1="1" ind2="0" tag="245"><subfield code="6">880-02</subfield><subfield code="a">Liu xue zou jin da shi dai =</subfield><subfield code="b">Studying abroad step in new era /</subfield><subfield code="c">[Bian ji Shen zhou xue ren bian ji bu].</subfield></datafield><datafield ind1="3" ind2="1" tag="246"><subfield code="a">Studying abroad step in new era</subfield></datafield><datafield ind1=" " ind2=" " tag="250"><subfield code="6">880-03</subfield><subfield code="a">2015 nian he ding ben.</subfield></datafield><datafield ind1=" " ind2="1" tag="264"><subfield code="6">880-04</subfield><subfield code="a">Beijing :</subfield><subfield code="b">Zhongguo jiao yu bao kan she,</subfield><subfield code="c">[2015]</subfield></datafield><datafield ind1=" " ind2=" " tag="300"><subfield code="a">1 volume (various pagings) :</subfield><subfield code="b">illustrations ;</subfield><subfield code="c">28 cm</subfield></datafield><datafield ind1=" " ind2=" " tag="336"><subfield code="a">text</subfield><subfield code="b">txt</subfield><subfield code="2">rdacontent</subfield></datafield><datafield ind1=" " ind2=" " tag="337"><subfield code="a">unmediated</subfield><subfield code="b">n</subfield><subfield code="2">rdamedia</subfield></datafield><datafield ind1=" " ind2=" " tag="338"><subfield code="a">volume</subfield><subfield code="b">nc</subfield><subfield code="2">rdacarrier</subfield></datafield><datafield ind1=" " ind2=" " tag="500"><subfield code="a">Title from cover.</subfield></datafield><datafield ind1="1" ind2=" " tag="583"><subfield code="3">copy1</subfield><subfield code="a">Committed to retain</subfield><subfield code="c">20200101</subfield><subfield code="d">20341231</subfield><subfield code="f">MI-SPI</subfield><subfield code="u">http://www.mcls.org/engagement/mi-spi/</subfield><subfield code="5">MiEM</subfield></datafield><datafield ind1=" " ind2="0" tag="650"><subfield code="a">Chinese students</subfield><subfield code="z">Foreign countries.</subfield><subfield code="0">http://id.loc.gov/authorities/subjects/sh2009119369</subfield></datafield><datafield ind1=" " ind2="0" tag="650"><subfield code="a">Scholars</subfield><subfield code="z">China</subfield><subfield code="v">Periodicals.</subfield><subfield code="0">http://id.loc.gov/authorities/subjects/sh2010111997</subfield></datafield><datafield ind1=" " ind2="0" tag="650"><subfield code="a">Chinese students</subfield><subfield code="v">Periodicals.</subfield><subfield code="0">http://id.loc.gov/authorities/subjects/sh85024378</subfield></datafield><datafield ind1="2" ind2=" " tag="710"><subfield code="6">880-05</subfield><subfield code="a">Shen zhou xue ren bian ji bu.</subfield><subfield code="0">http://id.loc.gov/authorities/names/n2008067480</subfield></datafield><datafield ind1="0" ind2=" " tag="880"><subfield code="6">130-01/$1</subfield><subfield code="a">神州学人 = China scholars abroad</subfield></datafield><datafield ind1="1" ind2="0" tag="880"><subfield code="6">245-02/$1</subfield><subfield code="a">留学走进大时代 =</subfield><subfield code="b">Studying abroad step in new era /</subfield><subfield code="c">[编辑神州学人编辑部].</subfield></datafield><datafield ind1=" " ind2=" " tag="880"><subfield code="6">250-03/$1</subfield><subfield code="a">2015 年合订本</subfield></datafield><datafield ind1=" " ind2="1" tag="880"><subfield code="6">264-04/$1</subfield><subfield code="a">北京 :</subfield><subfield code="b">中国教育报刊社,</subfield><subfield code="c">[2015]</subfield></datafield><datafield ind1="2" ind2=" " tag="880"><subfield code="6">710-05/$1</subfield><subfield code="a">神州学人编辑部.</subfield></datafield><datafield ind1=" " ind2=" " tag="907"><subfield code="y">.b122539448</subfield><subfield code="b">210630</subfield><subfield code="c">170608</subfield></datafield><datafield ind1=" " ind2=" " tag="998"><subfield code="a">mn</subfield><subfield code="b">170608</subfield><subfield code="c">m</subfield><subfield code="d">a  </subfield><subfield code="e">-</subfield><subfield code="f">chi</subfield><subfield code="g">cc </subfield><subfield code="h">0</subfield><subfield code="i">2</subfield></datafield><datafield ind1=" " ind2=" " tag="994"><subfield code="a">C0</subfield><subfield code="b">EEM</subfield></datafield><datafield ind1="f" ind2="f" tag="999"><subfield code="i">6249a44d-39e6-5ca5-8c7f-f0948896917c</subfield><subfield code="s">76ed6e8d-c4db-5f70-8ce5-0b328d02f650</subfield><subfield code="t">0</subfield></datafield><datafield ind1="f" ind2="f" tag="952"><subfield code="p">Can Circulate</subfield><subfield code="a">Michigan State University-Library of Michigan</subfield><subfield code="b">Michigan State University</subfield><subfield code="c">MSU Main Library</subfield><subfield code="d">MSU Main Library</subfield><subfield code="t">0</subfield><subfield code="e">LC3057.S46 L8 2015</subfield><subfield code="h">Library of Congress classification</subfield><subfield code="i">Printed Material</subfield><subfield code="m">31293035479389</subfield><subfield code="n">1</subfield></datafield></record>