
<record xmlns:marc="http://www.loc.gov/MARC21/slim"><leader>02694cam a2200529Ia 4500</leader><controlfield tag="001">in00005893354</controlfield><controlfield tag="003">OCoLC</controlfield><controlfield tag="005">20220616025318.0</controlfield><controlfield tag="008">020426s2002    ko            000 1dkor d</controlfield><datafield ind1=" " ind2=" " tag="020"><subfield code="a">8937460610</subfield></datafield><datafield ind1=" " ind2=" " tag="020"><subfield code="a">9788937460616</subfield><subfield code="q">(paperback)</subfield></datafield><datafield ind1=" " ind2=" " tag="020"><subfield code="a">9788937460005</subfield><subfield code="q">(set)</subfield></datafield><datafield ind1=" " ind2=" " tag="020"><subfield code="a">8937460009</subfield><subfield code="q">(set)</subfield></datafield><datafield ind1=" " ind2=" " tag="035"><subfield code="a">(OCoLC)49678096</subfield></datafield><datafield ind1=" " ind2=" " tag="040"><subfield code="a">LPU</subfield><subfield code="b">eng</subfield><subfield code="c">LPU</subfield><subfield code="d">OCLCG</subfield><subfield code="d">VUE</subfield><subfield code="d">LVF</subfield><subfield code="d">OCLCQ</subfield><subfield code="d">OCLCO</subfield><subfield code="d">OCLCA</subfield><subfield code="d">EEM</subfield><subfield code="d">UtOrBLW</subfield></datafield><datafield ind1="1" ind2=" " tag="041"><subfield code="a">kor</subfield><subfield code="h">jpn</subfield></datafield><datafield ind1=" " ind2=" " tag="043"><subfield code="a">a-ja---</subfield></datafield><datafield ind1=" " ind2=" " tag="049"><subfield code="a">EEMR</subfield></datafield><datafield ind1=" " ind2="4" tag="050"><subfield code="a">PL832.A9</subfield><subfield code="b">Y8164 2002</subfield></datafield><datafield ind1="0" ind2="4" tag="082"><subfield code="a">895.7</subfield></datafield><datafield ind1="1" ind2=" " tag="100"><subfield code="6">880-01</subfield><subfield code="a">Kawabata, Yasunari,</subfield><subfield code="d">1899-1972,</subfield><subfield code="e">author.</subfield><subfield code="0">http://id.loc.gov/authorities/names/n81097752</subfield></datafield><datafield ind1="1" ind2="0" tag="240"><subfield code="6">880-02</subfield><subfield code="a">Yukiguni.</subfield><subfield code="l">Korean</subfield></datafield><datafield ind1="1" ind2="0" tag="245"><subfield code="6">880-03</subfield><subfield code="a">Sŏlguk /</subfield><subfield code="c">Kawabat'a Yasŭnari ; Yu Suk-cha omgim.</subfield></datafield><datafield ind1=" " ind2=" " tag="250"><subfield code="6">880-04</subfield><subfield code="a">1-p'an.</subfield></datafield><datafield ind1=" " ind2=" " tag="260"><subfield code="6">880-05</subfield><subfield code="a">Sŏul-si :</subfield><subfield code="b">Minŭmsa,</subfield><subfield code="c">2002</subfield><subfield code="g">[2008]</subfield></datafield><datafield ind1=" " ind2=" " tag="300"><subfield code="a">163 pages ;</subfield><subfield code="c">23 cm.</subfield></datafield><datafield ind1=" " ind2=" " tag="336"><subfield code="a">text</subfield><subfield code="b">txt</subfield><subfield code="2">rdacontent</subfield></datafield><datafield ind1=" " ind2=" " tag="337"><subfield code="a">unmediated</subfield><subfield code="b">n</subfield><subfield code="2">rdamedia</subfield></datafield><datafield ind1=" " ind2=" " tag="338"><subfield code="a">volume</subfield><subfield code="b">nc</subfield><subfield code="2">rdacarrier</subfield></datafield><datafield ind1="1" ind2=" " tag="490"><subfield code="6">880-06</subfield><subfield code="a">Segye munhak chŏnjip ;</subfield><subfield code="v">61</subfield></datafield><datafield ind1=" " ind2=" " tag="500"><subfield code="a">Translation of: Yukiguni.</subfield></datafield><datafield ind1=" " ind2=" " tag="520"><subfield code="a">With the brushstroke suggestiveness and astonishing grasp of motive that won him the Nobel Prize for Literature, Yasunari Kawabata tells a story of wasted love set amid the desolate beauty of western Japan, the snowiest region on earth. It is there, at an isolated mountain hotspring, that the wealthy sophisticate Shimamura meets the geisha Komako, who gives herself to him without regrets, knowing that their passion cannot last. Shimamura is a dilettante of the feelings; Komako has staked her life on them. Their affair can have only one outcome. Yet, in chronicling its doomed course, one of Japan's greatest modern writers creates a novel dense in implication and exalting in its sadness.</subfield></datafield><datafield ind1=" " ind2="0" tag="650"><subfield code="a">Man-woman relationships</subfield><subfield code="z">Japan</subfield><subfield code="v">Fiction.</subfield></datafield><datafield ind1=" " ind2="0" tag="655"><subfield code="a">Korean la nguage materials.</subfield></datafield><datafield ind1="1" ind2=" " tag="700"><subfield code="6">880-07</subfield><subfield code="a">Yu, Suk-cha,</subfield><subfield code="e">translator.</subfield><subfield code="0">http://id.loc.gov/authorities/names/n81023776</subfield></datafield><datafield ind1=" " ind2="0" tag="830"><subfield code="6">880-08</subfield><subfield code="a">Segye munhak chŏnjip ;</subfield><subfield code="v">61.</subfield><subfield code="0">http://id.loc.gov/authorities/names/no95009977</subfield></datafield><datafield ind1="1" ind2=" " tag="880"><subfield code="6">100-01/$1</subfield><subfield code="a">川端康成,</subfield><subfield code="d">1899-1972,</subfield><subfield code="e">author.</subfield></datafield><datafield ind1="1" ind2="0" tag="880"><subfield code="6">240-02/$1</subfield><subfield code="a">雪国.</subfield><subfield code="l">Korean</subfield></datafield><datafield ind1="1" ind2="0" tag="880"><subfield code="6">245-03/$1</subfield><subfield code="a">설국 /</subfield><subfield code="c">가와바타 야스나리 ; 유 숙자 옮김.</subfield></datafield><datafield ind1=" " ind2=" " tag="880"><subfield code="6">250-04/$1</subfield><subfield code="a">1판.</subfield></datafield><datafield ind1=" " ind2=" " tag="880"><subfield code="6">260-05/$1</subfield><subfield code="a">서울시 :</subfield><subfield code="b">민음사,</subfield><subfield code="c">2002</subfield><subfield code="g">(2008 printing)</subfield></datafield><datafield ind1="1" ind2=" " tag="880"><subfield code="6">490-06/$1</subfield><subfield code="a">세계 문학 전집 ;</subfield><subfield code="v">61</subfield></datafield><datafield ind1="1" ind2=" " tag="880"><subfield code="6">700-07/$1</subfield><subfield code="a">유 숙자,</subfield><subfield code="e">translator.</subfield></datafield><datafield ind1=" " ind2="0" tag="880"><subfield code="6">830-08/$1</subfield><subfield code="a">세계 문학 전집 ;</subfield><subfield code="v">61.</subfield></datafield><datafield ind1=" " ind2=" " tag="907"><subfield code="y">.b129025689</subfield><subfield code="b">201002</subfield><subfield code="c">181004</subfield></datafield><datafield ind1=" " ind2=" " tag="998"><subfield code="a">mn</subfield><subfield code="b">200915</subfield><subfield code="c">m</subfield><subfield code="d">a  </subfield><subfield code="e">-</subfield><subfield code="f">kor</subfield><subfield code="g">ko </subfield><subfield code="h">0</subfield><subfield code="i">2</subfield></datafield><datafield ind1=" " ind2=" " tag="994"><subfield code="a">C0</subfield><subfield code="b">EEM</subfield></datafield><datafield ind1="f" ind2="f" tag="999"><subfield code="i">0cd4413f-967d-5348-8ab5-92f54a561f92</subfield><subfield code="s">4eddbd29-708e-5415-9b11-cda43f9f199a</subfield><subfield code="t">0</subfield></datafield><datafield ind1="f" ind2="f" tag="952"><subfield code="p">Can Circulate</subfield><subfield code="a">Michigan State University-Library of Michigan</subfield><subfield code="b">Michigan State University</subfield><subfield code="c">MSU Main Library</subfield><subfield code="d">MSU Main Library</subfield><subfield code="t">0</subfield><subfield code="e">PL832.A9 Y8164 2002</subfield><subfield code="h">Library of Congress classification</subfield><subfield code="i">Printed Material</subfield><subfield code="m">31293037151325</subfield><subfield code="n">1</subfield></datafield></record>
</collection>
